{"leader":"00000cam^a22001937i^4500","fields":[{"tag":"001","value":"000030000"},{"tag":"003","value":"FI-MELINDA"},{"tag":"005","value":"20141221175522.0"},{"tag":"008","value":"890208s1988^^^^sw^|||||||||||||||||swe||"},{"tag":"020","ind1":" ","ind2":" ","subfields":[{"code":"a","value":"91-38-61844-3"},{"code":"q","value":"inb."}]},{"tag":"035","ind1":" ","ind2":" ","subfields":[{"code":"a","value":"(FI-MELINDA)000030000"}]},{"tag":"041","ind1":"0","ind2":" ","subfields":[{"code":"a","value":"swe"}]},{"tag":"080","ind1":" ","ind2":" ","subfields":[{"code":"a","value":"339.137"}]},{"tag":"080","ind1":" ","ind2":" ","subfields":[{"code":"a","value":"65.012.2"}]},{"tag":"100","ind1":"0","ind2":" ","subfields":[{"code":"a","value":"Durö, Robert."}]},{"tag":"245","ind1":"1","ind2":"0","subfields":[{"code":"a","value":"Konkurrensöverlägsenhet :"},{"code":"b","value":"i tio konkreta steg /"},{"code":"c","value":"Robert Durö."}]},{"tag":"260","ind1":" ","ind2":" ","subfields":[{"code":"a","value":"Malmö :"},{"code":"b","value":"Liber,"},{"code":"c","value":"1988."}]},{"tag":"300","ind1":" ","ind2":" ","subfields":[{"code":"a","value":"173 s."}]},{"tag":"336","ind1":" ","ind2":" ","subfields":[{"code":"a","value":"Teksti"}]},{"tag":"337","ind1":" ","ind2":" ","subfields":[{"code":"a","value":"ei välittävää laitetta"}]},{"tag":"490","ind1":"0","ind2":" ","subfields":[{"code":"a","value":"Bättre ledarskap"}]},{"tag":"SID","ind1":" ","ind2":" ","subfields":[{"code":"c","value":"47865"},{"code":"b","value":"alma"}]},{"tag":"SID","ind1":" ","ind2":" ","subfields":[{"code":"c","value":"1051957"},{"code":"b","value":"vaari"}]},{"tag":"SID","ind1":" ","ind2":" ","subfields":[{"code":"c","value":"8073"},{"code":"b","value":"valpu"}]},{"tag":"SID","ind1":" ","ind2":" ","subfields":[{"code":"c","value":"1427442"},{"code":"b","value":"volte"}]},{"tag":"CAT","ind1":" ","ind2":" ","subfields":[{"code":"a","value":"ID-VOLTE"},{"code":"b","value":""},{"code":"c","value":"20100817"},{"code":"l","value":"FIN01"},{"code":"h","value":"1101"}]},{"tag":"CAT","ind1":" ","ind2":" ","subfields":[{"code":"a","value":"CONV-ISBD"},{"code":"b","value":""},{"code":"c","value":"20120401"},{"code":"l","value":"FIN01"},{"code":"h","value":"2017"}]},{"tag":"CAT","ind1":" ","ind2":" ","subfields":[{"code":"a","value":"LOAD-FIX"},{"code":"b","value":"30"},{"code":"c","value":"20141221"},{"code":"l","value":"FIN01"},{"code":"h","value":"1755"}]},{"tag":"CAT","ind1":" ","ind2":" ","subfields":[{"code":"a","value":"LOAD-FIX"},{"code":"b","value":"30"},{"code":"c","value":"20141221"},{"code":"l","value":"FIN01"},{"code":"h","value":"1755"}]},{"tag":"CAT","ind1":" ","ind2":" ","subfields":[{"code":"c","value":"20150121"},{"code":"l","value":"FIN01"},{"code":"h","value":"1150"}]},{"tag":"LOW","ind1":" ","ind2":" ","subfields":[{"code":"a","value":"ALMA"}]},{"tag":"LOW","ind1":" ","ind2":" ","subfields":[{"code":"a","value":"VAARI"}]},{"tag":"LOW","ind1":" ","ind2":" ","subfields":[{"code":"a","value":"VOLTE"}]}]}
